<record><leader>00000cas a2200000 a 4500</leader><controlfield tag="001">11974292</controlfield><controlfield tag="008">850427d186919uuiluwr ne      0   a0eng c</controlfield><datafield ind1=" " ind2=" " tag="010"><subfield code="a">sn 85033461 </subfield></datafield><datafield ind1=" " ind2=" " tag="040"><subfield code="a">NPU</subfield><subfield code="b">eng</subfield><subfield code="c">NPU</subfield><subfield code="d">NVF</subfield><subfield code="d">OCLCQ</subfield><subfield code="d">OCLCF</subfield><subfield code="d">NVF</subfield><subfield code="d">OCLCO</subfield></datafield><datafield ind1="1" ind2=" " tag="029"><subfield code="a">AU@</subfield><subfield code="b">000020379073</subfield></datafield><datafield ind1=" " ind2=" " tag="042"><subfield code="a">pcc</subfield></datafield><datafield ind1=" " ind2=" " tag="043"><subfield code="a">n-us-il</subfield></datafield><datafield ind1="0" ind2=" " tag="130"><subfield code="a">Clinton public (Clinton, Ill. : 1869)</subfield></datafield><datafield ind1="1" ind2="4" tag="245"><subfield code="a">The Clinton public.</subfield></datafield><datafield ind1="1" ind2="7" tag="246"><subfield code="a">Weekly public</subfield></datafield><datafield ind1=" " ind2=" " tag="260"><subfield code="a">Clinton, Ill. :</subfield><subfield code="b">De Levis &amp; Van Slyke,</subfield><subfield code="c">1869-[19--?]</subfield></datafield><datafield ind1=" " ind2=" " tag="300"><subfield code="a">v.</subfield></datafield><datafield ind1=" " ind2=" " tag="310"><subfield code="a">Weekly</subfield></datafield><datafield ind1="0" ind2=" " tag="362"><subfield code="a">Vol. 13, no. 22 (June 24, 1869)-</subfield></datafield><datafield ind1=" " ind2=" " tag="515"><subfield code="a">Continues the numbering of Clinton public, and central transcript.</subfield></datafield><datafield ind1=" " ind2=" " tag="580"><subfield code="a">Daily ed.: Clinton daily public (Clinton, Ill. : 1871), 1871-&lt;&gt;.</subfield></datafield><datafield ind1=" " ind2=" " tag="588"><subfield code="a">Latest issue consulted: June 13, 1902.</subfield></datafield><datafield ind1=" " ind2="0" tag="651"><subfield code="a">Clinton (Ill.)</subfield><subfield code="v">Newspapers.</subfield></datafield><datafield ind1=" " ind2="7" tag="651"><subfield code="a">Illinois</subfield><subfield code="z">Clinton.</subfield><subfield code="2">fast</subfield><subfield code="0">(OCoLC)fst01217731</subfield></datafield><datafield ind1=" " ind2="7" tag="655"><subfield code="a">Newspapers.</subfield><subfield code="2">fast</subfield><subfield code="0">(OCoLC)fst01423814</subfield></datafield><datafield ind1=" " ind2=" " tag="752"><subfield code="a">United States</subfield><subfield code="b">Illinois</subfield><subfield code="c">De Witt</subfield><subfield code="d">Clinton.</subfield></datafield><datafield ind1="1" ind2=" " tag="775"><subfield code="t">Clinton daily public (Clinton, Ill. : 1871)</subfield><subfield code="w">(DLC)sn 90054509</subfield><subfield code="w">(OCoLC)21540367</subfield></datafield><datafield ind1="0" ind2="0" tag="780"><subfield code="t">Clinton public, and central transcript</subfield><subfield code="w">(DLC)sn 90054504</subfield><subfield code="w">(OCoLC)21540159</subfield></datafield></record>